<record><leader>00000cas a22000007a 4500</leader><controlfield tag="001">13576397</controlfield><controlfield tag="008">860516d19161918wiuwr ne      0    0eng d</controlfield><datafield ind1=" " ind2=" " tag="010"><subfield code="a">sn 86086218 </subfield></datafield><datafield ind1=" " ind2=" " tag="040"><subfield code="a">NPV</subfield><subfield code="b">eng</subfield><subfield code="c">NPV</subfield><subfield code="d">OCLCQ</subfield></datafield><datafield ind1=" " ind2=" " tag="042"><subfield code="a">msc</subfield></datafield><datafield ind1=" " ind2=" " tag="045"><subfield code="a">x1x1</subfield></datafield><datafield ind1=" " ind2=" " tag="052"><subfield code="a">4123</subfield><subfield code="b">E2</subfield></datafield><datafield ind1="0" ind2=" " tag="130"><subfield code="a">Fall Creek journal (Fall Creek, Wis. : 1916)</subfield></datafield><datafield ind1="1" ind2="4" tag="245"><subfield code="a">The Fall Creek journal.</subfield></datafield><datafield ind1=" " ind2=" " tag="260"><subfield code="a">Fall Creek, Wis. :</subfield><subfield code="b">W.J. Brueske,</subfield><subfield code="c">1916-1918.</subfield></datafield><datafield ind1=" " ind2=" " tag="300"><subfield code="a">v. :</subfield><subfield code="b">ill.</subfield></datafield><datafield ind1=" " ind2=" " tag="310"><subfield code="a">Weekly</subfield></datafield><datafield ind1="0" ind2=" " tag="362"><subfield code="a">Seventh year, no. 1 (Dec. 33, 1916)-v. 8, no. 7 (Feb. 22, 1918); Mar. 1, 1918-Oct. 11, 1918.</subfield></datafield><datafield ind1=" " ind2=" " tag="530"><subfield code="a">Available on microfilm from The State Historical Society of Wisconsin.</subfield></datafield><datafield ind1=" " ind2=" " tag="580"><subfield code="a">Merged with: Augusta eagle and Fairchild observer, to form: The Coo&#776;perative news-budget.</subfield></datafield><datafield ind1=" " ind2=" " tag="752"><subfield code="a">United States</subfield><subfield code="b">Wisconsin</subfield><subfield code="c">Eau Claire</subfield><subfield code="d">Fall Creek.</subfield></datafield><datafield ind1="0" ind2=" " tag="777"><subfield code="t">Augusta eagle (Augusta, Wis. : 1915)</subfield><subfield code="w">(DLC)sn 86086215</subfield></datafield><datafield ind1="0" ind2="0" tag="780"><subfield code="t">Eau Claire County journal</subfield><subfield code="w">(DLC)sn 86086219</subfield></datafield><datafield ind1="1" ind2="7" tag="785"><subfield code="t">Augusta eagle (Augusta, Wis. : 1915)</subfield><subfield code="w">(DLC)sn 86086215</subfield></datafield><datafield ind1="1" ind2="7" tag="785"><subfield code="t">Fairchild observer (Fairchild, Wis. : 1897)</subfield><subfield code="w">(DLC)sn 86086217</subfield></datafield><datafield ind1="1" ind2="7" tag="785"><subfield code="t">Coo&#776;perative news-budget</subfield><subfield code="w">(DLC)sn 86086213</subfield></datafield></record>